@inproceedings{komondoor2000semantics,
  title={Semantics-preserving procedure extraction},
  author={Komondoor, Raghavan and Horwitz, Susan},
  booktitle={POPL},
  year={2000},
}


@book{Aho:2006:CPT:1177220,
 author = {Aho, Alfred V. and Lam, Monica S. and Sethi, Ravi and Ullman, Jeffrey D.},
 title = {Compilers: Principles, Techniques, and Tools (2Nd Edition)},
 year = {2006},
 publisher = {Addison-Wesley},
} 

@inproceedings{DBLP:conf/kbse/AndersenL08,
  author    = {Jesper Andersen and
               Julia L. Lawall},
  title     = {Generic Patch Inference},
  booktitle = {ASE},
  year      = {2008}
}

@inproceedings{Andersen:2012:SPI:2351676.2351753,
 author = {Andersen, Jesper and Nguyen, Anh Cuong and Lo, David and Lawall, Julia L. and Khoo, Siau-Cheng},
 title = {Semantic Patch Inference},
 booktitle = {ASE},
 year = {2012}
} 

@inproceedings{Balaban:2005:RSC:1094811.1094832,
 author = {Balaban, Ittai and Tip, Frank and Fuhrer, Robert},
 title = {Refactoring Support for Class Library Migration},
 booktitle = {OOPSLA},
 year = {2005}
} 

@inproceedings{Bartolomei:2009:SAM:2127907.2127914,
 author = {Bartolomei, Thiago Tonelli and Czarnecki, Krzysztof and L\"{a}mmel, Ralf and van der Storm, Tijs},
 title = {Study of an API Migration for Two XML APIs},
 booktitle = {SLE},
 year = {2010}
 } 

@TechReport{UCAM-CL-TR-563,
  author =	 {Bierman, G.M. and Parkinson, M.J. and Pitts, A.M.},
  title = 	 {{MJ: An imperative core calculus for Java and Java with
         	   effects}},
  year = 	 2003,
  url = 	 {http://www.cl.cam.ac.uk/techreports/UCAM-CL-TR-563.pdf},
  institution =  {University of Cambridge, Computer Laboratory},
  number = 	 {UCAM-CL-TR-563}
}

@article{Bravenboer:2008:SLT:1385689.1385715,
 author = {Bravenboer, Martin and Kalleberg, Karl Trygve and Vermaas, Rob and Visser, Eelco},
 title = {Stratego/XT 0.17. A Language and Toolset for Program Transformation},
 journal = {Sci. Comput. Program.},
 issue_date = {June, 2008},
 volume = {72},
 number = {1-2},
 month = jun,
 year = {2008},
 url = {http://dx.doi.org/10.1016/j.scico.2007.11.003},
 doi = {10.1016/j.scico.2007.11.003},
} 

@inproceedings{DBLP:conf/popl/BrunelDHLM09,
  author    = {Julien Brunel and
               Damien Doligez and
               Ren{\'{e}} Rydhof Hansen and
               Julia L. Lawall and
               Gilles Muller},
  title     = {A foundation for flow-based program matching: using temporal logic
               and model checking},
  booktitle = {POPL},
  year      = {2009},
}

@article{Cordy:2006:TST:1149670.1149672,
 author = {Cordy, James R.},
 title = {The {TXL} Source Transformation Language},
 journal = {Sci. Comput. Program.},
 issue_date = {August 2006},
 volume = {61},
 number = {3},
 year = {2006}
} 

@inproceedings{Cousot:2002:SDP:503272.503290,
 author = {Cousot, Patrick and Cousot, Radhia},
 title = {Systematic Design of Program Transformation Frameworks by Abstract Interpretation},
 series = {POPL '02},
 year = {2002}
} 

@article{Dig:2006:AES:1133105.1133107,
 author = {Dig, Danny and Johnson, Ralph},
 title = {How Do {APIs} Evolve? A Story of Refactoring: Research Articles},
 journal = {J. Softw. Maint. Evol.},
 issue_date = {March 2006},
 volume = {18},
 number = {2},
 year = {2006},
} 

@inproceedings{Dig:2006:ADR:2171327.2171360,
 author = {Dig, Danny and Comertoglu, Can and Marinov, Darko and Johnson, Ralph},
 title = {Automated Detection of Refactorings in Evolving Components},
 booktitle = {Proceedings of the 20th European Conference on Object-Oriented Programming},
 series = {ECOOP'06},
 year = {2006},
} 

@inproceedings{DBLP:conf/icse/DigNMJ08,
  author    = {Danny Dig and
               Stas Negara and
               Vibhu Mohindra and
               Ralph E. Johnson},
  title     = {\emph{ReBA}: \emph{re}factoring-aware \emph{b}inary \emph{a}daptation
               of evolving libraries},
  booktitle = {ICSE},
  year      = {2008},
}

@inproceedings{Henkel:2005:CCR:1062455.1062512,
 author = {Henkel, Johannes and Diwan, Amer},
 title = {CatchUp!: Capturing and Replaying Refactorings to Support API Evolution},
 booktitle = {ICSE},
 year = {2005},
} 

@article{Igarashi:2001:FJM:503502.503505,
 author = {Igarashi, Atsushi and Pierce, Benjamin C. and Wadler, Philip},
 title = {Featherweight Java: A Minimal Core Calculus for Java and GJ},
 journal = {ACM Trans. Program. Lang. Syst.},
 issue_date = {May 2001},
 volume = {23},
 number = {3},
 month = may,
 year = {2001},
} 

@InProceedings{laceydemoor01,
  author =               "David Lacey and Oege de Moor",
  title =                "Imperative Program Transformation by Rewriting",
  pages =                "52-68",
  booktitle =    "CC",
  year =                 2001,
}

@inproceedings{Li:2015:STT:2678015.2682534,
 author = {Li, Jun and Wang, Chenglong and Xiong, Yingfei and Hu, Zhenjiang},
 title = {SWIN: Towards Type-Safe Java Program Adaptation Between APIs},
 booktitle = {PEPM},
 year = {2015},
} 

@inproceedings{Li:2013:WSA:2514946.2515486,
 author = {Li, Jun and Xiong, Yingfei and Liu, Xuanzhe and Zhang, Lu},
 title = {How Does Web Service API Evolution Affect Clients?},
 booktitle = {ICWS},
 year = {2013},
} 

@inproceedings{Meng:2011:SEG:1993498.1993537,
 author = {Meng, Na and Kim, Miryung and McKinley, Kathryn S.},
 title = {Systematic Editing: Generating Program Transformations from an Example},
 booktitle = {PLDI},
 year = {2011},
} 

@inproceedings{Nguyen:2010:GAA:1869459.1869486,
 author = {Nguyen, Hoan Anh and Nguyen, Tung Thanh and Wilson,Jr., Gary and Nguyen, Anh Tuan and Kim, Miryung and Nguyen, Tien N.},
 title = {A Graph-based Approach to {API} Usage Adaptation},
 booktitle = {OOPSLA},
 year = {2010},
}

@inproceedings{Nita:2010:UTA:1806799.1806832,
 author = {Nita, Marius and Notkin, David},
 title = {Using Twinning to Adapt Programs to Alternative {APIs}},
 booktitle = {ICSE},
 year = {2010},
} 

@inproceedings{Olmos:2005:CSD:2136624.2136643,
 author = {Olmos, Karina and Visser, Eelco},
 title = {Composing Source-to-source Data-flow Transformations with Rewriting Strategies and Dependent Dynamic Rewrite Rules},
 booktitle = {CC},
 year = {2005},
} 

@book{Pierce:2002:TPL:509043,
 author = {Pierce, Benjamin C.},
 title = {Types and Programming Languages},
 year = {2002},
 isbn = {0-262-16209-1},
}

@conference {246,
	title = {Swing to {SWT} and Back: Patterns for {API} Migration by Wrapping},
	booktitle = {ICSM},
	year = {2010},
	author = {Tonelli~Bartolomei, Thiago and Krzysztof Czarnecki and Ralf L{\"a}mmel}
}

@inproceedings{Vallee-Rai:1999:SJB:781995.782008,
 author = {Vall{\'e}e-Rai, Raja and Co, Phong and Gagnon, Etienne and Hendren, Laurie and Lam, Patrick and Sundaresan, Vijay},
 title = {Soot - a {Java} Bytecode Optimization Framework},
 booktitle = {CASCON},
 year = {1999},
}

@inproceedings{Wasserman:2013:SER:2541348.2541355,
 author = {Wasserman, Louis},
 title = {Scalable, Example-based Refactorings with Refaster},
 booktitle = {WRT},
 year = {2013}
} 



@inproceedings{Weise:1993:PSM:155090.155105,
 author = {Weise, Daniel and Crew, Roger},
 title = {Programmable Syntax Macros},
 booktitle = {PLDI},
 year = {1993}
} 

%%%Padioleau:2008:DAC:1352592.1352618
@inproceedings{DBLP:conf/eurosys/PadioleauLHM08,
 author = {Padioleau, Yoann and Lawall, Julia and Hansen, Ren{\'e} Rydhof and Muller, Gilles},
 title = {Documenting and Automating Collateral Evolutions in Linux Device Drivers},
 booktitle = {Eurosys},
 year = {2008},
} 

@book{Pilgrim:2009:DP:1655836,
 author = {Pilgrim, Mark},
 title = {Dive Into Python 3},
 year = {2009},
 isbn = {1430224150, 9781430224150},
 publisher = {Apress},
} 

@inproceedings{sakurai2014crossver,
  title={Crossver: a code transformation language for crosscutting changes.},
  author={Sakurai, Kouhei and Masuhara, Hidehiko},
  booktitle={AOAsia/Pacific Workshop},
  year={2014}
}

@book{Cormen:2001:IA:580470,
 author = {Cormen, Thomas H. and Stein, Clifford and Rivest, Ronald L. and Leiserson, Charles E.},
 title = {Introduction to Algorithms},
 year = {2001},
 isbn = {0070131511},
 edition = {2nd},
 publisher = {McGraw-Hill Higher Education},
} 

@inproceedings{Lerner:2003:APC:781131.781156,
 author = {Lerner, Sorin and Millstein, Todd and Chambers, Craig},
 title = {Automatically Proving the Correctness of Compiler Optimizations},
 booktitle = {Proceedings of the ACM SIGPLAN 2003 Conference on Programming Language Design and Implementation},
 series = {PLDI '03},
 year = {2003},
} 

@inproceedings{Callahan:1986:ICP:12276.13327,
 author = {Callahan, David and Cooper, Keith D. and Kennedy, Ken and Torczon, Linda},
 title = {Interprocedural Constant Propagation},
 booktitle = {CC},
 year = {1986},
} 

@article{Wegman:1991:CPC:103135.103136,
 author = {Wegman, Mark N. and Zadeck, F. Kenneth},
 title = {Constant Propagation with Conditional Branches},
 journal = {ACM Trans. Program. Lang. Syst.},
 issue_date = {April 1991},
 volume = {13},
 number = {2},
 month = apr,
 year = {1991},
} 

@inproceedings{Schafer:2008:SER:1449764.1449787,
 author = {Sch\"{a}fer, Max and Ekman, Torbj\"{o}rn and de Moor, Oege},
 title = {Sound and Extensible Renaming for Java},
 booktitle = {OOPSLA},
 year = {2008},
} 

@article{Ferrante:1987:PDG:24039.24041,
 author = {Ferrante, Jeanne and Ottenstein, Karl J. and Warren, Joe D.},
 title = {The Program Dependence Graph and Its Use in Optimization},
 journal = {ACM Trans. Program. Lang. Syst.},
 issue_date = {July 1987},
 volume = {9},
 number = {3},
 month = jul,
 year = {1987},
} 

@phdthesis{Opdyke:1992:ROF:169783,
 author = {Opdyke, William F.},
 title = {Refactoring Object-oriented Frameworks},
 year = 1992,
 school = {University of Illinois at Urbana-Champaign},
} 

@phdthesis{Roberts:1999:PAR:929806,
 author = {Roberts, Donald Bradley},
 advisor = {Johnson, Ralph},
 title = {Practical Analysis for Refactoring},
 year = {1999},
 school = {University of Illinois at Urbana-Champaign},
} 

@inproceedings{DBLP:conf/sefm/KanadeSK06,
  author    = {Aditya Kanade and
               Amitabha Sanyal and
               Uday P. Khedker},
  title     = {A {PVS} Based Framework for Validating Compiler Optimizations},
  booktitle = {SEFM},
  year      = {2006},
}

@article{lerner2005cobalt,
  title={Cobalt: A language for writing provably-sound compiler optimizations},
  author={Lerner, Sorin and Millstein, Todd and Chambers, Craig},
  journal={Electronic Notes in Theoretical Computer Science},
  volume={132},
  number={1},
  year={2005},
}

@article{Padioleau:2007:SDL:1223344.1223430,
 author = {Padioleau, Yoann and Lawall, Julia L. and Muller, Gilles},
 title = {SmPL: A Domain-Specific Language for Specifying Collateral Evolutions in Linux Device Drivers},
 journal = {Electron. Notes Theor. Comput. Sci.},
 issue_date = {January, 2007},
 volume = {166},
 month = jan,
 year = {2007},
} 

@inproceedings{SANER-2015-PalixFL,
  author        = "Nicolas Palix and Jean-Rémy Falleri and Julia Lawall",
  booktitle     = "{SANER}",
  title         = "{Improving pattern tracking with a language-aware tree differencing algorithm}",
  year          = 2015,
}

@article{Roy:2009:CEC:1530898.1531101,
 author = {Roy, Chanchal K. and Cordy, James R. and Koschke, Rainer},
 title = {Comparison and Evaluation of Code Clone Detection Techniques and Tools: A Qualitative Approach},
 journal = {Sci. Comput. Program.},
 issue_date = {May, 2009},
 volume = {74},
 number = {7},
 month = may,
 year = {2009},
} 


@inproceedings{Knoop:1992:LCM:143095.143136,
 author = {Knoop, Jens and R\"{u}thing, Oliver and Steffen, Bernhard},
 title = {Lazy Code Motion},
 booktitle = {PLDI},
 year = {1992},
} 


@inproceedings{Zhong:2010:MAM:1806799.1806831,
 author = {Zhong, Hao and Thummalapenta, Suresh and Xie, Tao and Zhang, Lu and Wang, Qing},
 title = {Mining {API} Mapping for Language Migration},
 booktitle = {ICSE},
 year = {2010},
}

@inproceedings{53e99aecb7602d9702376989,
    author={Martin Erwig, Deling Ren},
    booktitle={ESOP},
    title={Type-safe update programming},
    year=2003,
}

@article{53e99905b7602d9702142000,
    author={Martin Erwig, Deling Ren},
    journal={Science of Computer Programming},
    title={An update calculus for expressing type-safe program updates},
    volume=67,
    year=2007,
}

@article{DBLP:journals/jcst/WuLWM11,
  author    = {Qian Wu and
               Guangtai Liang and
               Qianxiang Wang and
               Hong Mei},
  title     = {Mining Effective Temporal Specifications from Heterogeneous {API}
               Data},
  journal   = {J. Comput. Sci. Technol.},
  volume    = {26},
  number    = {6},
  year      = {2011},
}

